@inproceedings{googleRNN,
  title={Recurrent neural networks for voice activity detection},
  author={Hughes, Thad and Mierle, Keir},
  booktitle={2013 IEEE International Conference on Acoustics, Speech and Signal Processing},
  pages={7378--7382},
  year={2013},
  organization={IEEE}
}

@article{skantze2021turn,
  title={Turn-taking in conversational systems and human-robot interaction: a review},
  author={Skantze, Gabriel},
  journal={Computer Speech \& Language},
  volume={67},
  pages={101178},
  year={2021},
  publisher={Elsevier}
}

@incollection{sacks1978simplest,
  title={A simplest systematics for the organization of turn taking for conversation},
  author={Sacks, Harvey and Schegloff, Emanuel A and Jefferson, Gail},
  booktitle={Studies in the organization of conversational interaction},
  pages={7--55},
  year={1978},
  publisher={Elsevier}
}

@article{anderson1991hcrc,
  title={The HCRC map task corpus},
  author={Anderson, Anne H and Bader, Miles and Bard, Ellen Gurman and Boyle, Elizabeth and Doherty, Gwyneth and Garrod, Simon and Isard, Stephen and Kowtko, Jacqueline and McAllister, Jan and Miller, Jim and others},
  journal={Language and speech},
  volume={34},
  number={4},
  pages={351--366},
  year={1991},
  publisher={Sage Publications Sage UK: London, England}
}

@article{gravano2011turn,
  title={Turn-taking cues in task-oriented dialogue},
  author={Gravano, Agust{\'\i}n and Hirschberg, Julia},
  journal={Computer Speech \& Language},
  volume={25},
  number={3},
  pages={601--634},
  year={2011},
  publisher={Elsevier}
}

@article{koiso1998analysis,
  title={An analysis of turn-taking and backchannels based on prosodic and syntactic features in Japanese map task dialogs},
  author={Koiso, Hanae and Horiuchi, Yasuo and Tutiya, Syun and Ichikawa, Akira and Den, Yasuharu},
  journal={Language and speech},
  volume={41},
  number={3-4},
  pages={295--321},
  year={1998},
  publisher={SAGE Publications Sage UK: London, England}
}

@article{edlund2005exploring,
  title={Exploring prosody in interaction control},
  author={Edlund, Jens and Heldner, Mattias},
  journal={Phonetica},
  volume={62},
  number={2-4},
  pages={215--226},
  year={2005},
  publisher={S. Karger AG}
}

@book{ward2019prosodic,
  title={Prosodic patterns in English conversation},
  author={Ward, Nigel G},
  year={2019},
  publisher={Cambridge University Press}
}

@inproceedings{ishii2014analysis,
  title={Analysis of respiration for prediction of" who will be next speaker and when?" in multi-party meetings},
  author={Ishii, Ryo and Otsuka, Kazuhiro and Kumano, Shiro and Yamato, Junji},
  booktitle={Proceedings of the 16th international conference on multimodal interaction},
  pages={18--25},
  year={2014}
}

@article{kendon1967some,
  title={Some functions of gaze-direction in social interaction},
  author={Kendon, Adam},
  journal={Acta psychologica},
  volume={26},
  pages={22--63},
  year={1967},
  publisher={Elsevier}
}

@article{auer2018gaze,
  title={Gaze, addressee selection and turn-taking in three-party interaction},
  author={Auer, Peter},
  journal={Eye-tracking in interaction: Studies on the role of eye gaze in dialogue},
  pages={197--231},
  year={2018},
  publisher={John Benjamins Amsterdam}
}

@article{duncan1972some,
  title={Some signals and rules for taking speaking turns in conversations.},
  author={Duncan, Starkey},
  journal={Journal of personality and social psychology},
  volume={23},
  number={2},
  pages={283},
  year={1972},
  publisher={American Psychological Association}
}

@article{holler2018processing,
  title={Processing language in face-to-face conversation: Questions with gestures get faster responses},
  author={Holler, Judith and Kendrick, Kobin H and Levinson, Stephen C},
  journal={Psychonomic bulletin \& review},
  volume={25},
  pages={1900--1908},
  year={2018},
  publisher={Springer}
}

@inproceedings{sato2002learning,
  title={Learning decision trees to determine turn-taking by spoken dialogue systems.},
  author={Sato, Ryo and Higashinaka, Ryuichiro and Tamoto, Masafumi and Nakano, Mikio and Aikawa, Kiyoaki},
  booktitle={INTERSPEECH},
  year={2002}
}

@article{graf2015features,
  title={Features for voice activity detection: a comparative analysis},
  author={Graf, Simon and Herbig, Tobias and Buck, Markus and Schmidt, Gerhard},
  journal={EURASIP Journal on Advances in Signal Processing},
  volume={2015},
  pages={1--15},
  year={2015},
  publisher={Springer}
}

@article{veysov20202onevoice,
 author = {Veysov, Alexander and Voronin, Dimitrii},
 title = {One Voice Detector to Rule Them All},
 journal = {The Gradient},
 year = {2022},
 howpublished = {\url{https://thegradient.pub/one-voice-detector-to-rule-them-all/ } },
}

@online{stft,
  author = {Collimator},
  title = {What is a Short-Time Fourier Transform?},
  year = {2023},
  url = {https://www.collimator.ai/reference-guides/what-is-a-short-time-fourier-transform},
  urldate = {2023-11-02}  
}

@misc{SileroVAD,
  author = {Silero Team},
  title = {Silero VAD: pre-trained enterprise-grade Voice Activity Detector (VAD), Number Detector and Language Classifier},
  year = {2021},
  publisher = {GitHub},
  journal = {GitHub repository},
  howpublished = {\url{https://github.com/snakers4/silero-vad}},
  commit = {insert_some_commit_here},
  email = {hello@silero.ai}
}

@online{ WebRTC,
    author = {Google WebRTC team},
    title = {Real-time communication for the web},
    url = {https://webrtc.org},
    urldate = {2023-11-06}
}

@online{ Get_started_with_WebRTC,
    author = {Sam Dutton},
    title = {Get started with WebRTC},
    url = {https://web.dev/articles/webrtc-basics},
    urldate = {2023-11-07}
}

@online{ STUN_TURN,
    author = {Sam Dutton},
    title = {Build the backend services needed for a WebRTC app},
    url = {https://web.dev/articles/webrtc-infrastructure},
    urldate = {2023-11-08}
}

@online{ WebRTC_architecture,
    author = {WebRTC},
    title = {WebRTC architecture},
    url = {https://webrtc.github.io/webrtc-org/architecture/},
    urldate = {2023-11-08}
}

@online{ aiortc,
    author = {aiortc},
    title = {aiortc},
    url = {https://github.com/aiortc/aiortc},
    urldate = {2023-11-08}
}

@online{ statistics,
    author = {w3c},
    title = {Identifiers for WebRTC's Statistics API},
    url = {https://www.w3.org/TR/webrtc-stats/},
    urldate = {2023-11-23}
}